@online{geniohyoideus,
  title     = {Geniohyoid (chin)},
  year      = {2020},
  url       = {https://www.rehabmypatient.com/head/geniohyoid-chin},
  note      = {Zugriff am 04.08.2025}
}

@online{digastricus,
  title     = {Digastric muscle},
  year      = {2020},
  url       = {https://www.rehabmypatient.com/tmj/digastric-muscle},
  note      = {Zugriff am 04.08.2025}
}

@online{ref1,
  author    = {{World Gastroenterology Organisation}},
  title     = {Dysphagia – Global Guidelines},
  year      = {n.d.},
  url       = {https://www.worldgastroenterology.org/guidelines/dysphagia},
  urldate   = {2025-07-28},
  note      = {Zugriff am 28. Juli 2025}
}

@article{ref2,
  author    = {Hsiao, M. and Chang, Y. and Chen, W. and Chang, H. and Wang, T.},
  title     = {Application of Ultrasonography in Assessing Oropharyngeal Dysphagia in Stroke Patients},
  journal   = {Ultrasound in Medicine and Biology},
  volume    = {38},
  number    = {9},
  pages     = {1522--1528},
  year      = {2012},
  doi       = {10.1016/j.ultrasmedbio.2012.04.017}
}

@article{ref3,
  author    = {Barron, K. and Blaivas, M. and Blaivas, L. and Sadler, J. and Deal, I.},
  title     = {Bedside Ultrasound to Identify and Predict Severity of Dysphagia Following Ischemic Stroke: Human Versus Artificial Intelligence},
  journal   = {Ultrasound in Medicine and Biology},
  volume    = {50},
  number    = {1},
  pages     = {99--104},
  year      = {2024},
  doi       = {10.1016/j.ultrasmedbio.2023.09.008}
}

@article{ref4,
  author    = {Chakraborty, C. and Bhattacharya, M. and Pal, S. and Lee, S.},
  title     = {From Machine Learning to Deep Learning: Advances of the Recent Data-Driven Paradigm Shift in Medicine and Healthcare},
  journal   = {Current Research in Biotechnology},
  volume    = {7},
  pages     = {100164},
  year      = {2024},
  doi       = {10.1016/j.crbiot.2023.100164}
}

@article{ref5,
  author    = {Zhou, B. and Yang, X. and Curran, W. and Liu, T.},
  title     = {Artificial Intelligence in Quantitative Ultrasound Imaging: A Survey},
  journal   = {Journal of Ultrasound in Medicine},
  volume    = {41},
  number    = {6},
  pages     = {1329--1342},
  year      = {2022},
  doi       = {10.1002/jum.15819 }
}

@online{mundboden,
  author    = {Uniklinik-Freiburg},
  title     = {Mundboden},
  url       = {http://hno-lernprogramm.uniklinik-freiburg.de/lernen/62/},
  note      = {Zugriff am 04.08.2025}
}

@online{YOLO,
  author    = {},
  title     = {Startseite},
  url       = {https://docs.ultralytics.com/de/},
  note      = {Zugriff am 05.08.2025}
}

@online{ref6,
  author    = {Nestle Health Science},
  title     = {Dysphagie: Übersicht und Erklärung},
  url       = {https://www.nestlehealthscience.de/dysphagie/uebersicht},
  note      = {Zugriff am 06.08.2025}
}

@article{ref7,
  author    = {Hicks, S. and Strümke, I. and Thambawita, V. et al.},
  title     = {On evaluation metrics for medical applications of artificial intelligence},
  journal   = {Scientific Reports},
  volume    = {12},
  number    = {5979},
  pages     = {},
  year      = {2022},
  doi       = {10.1038/s41598-022-09954-8 }
}

@article{ref8,
  author    = {Zhou, B. and Yang, X. and Curran, W. and Liu, T.},
  title     = {Evaluation metrics in medical imaging AI: fundamentals, pitfalls, misapplications, and recommendations},
  journal   = {European Journal of Radiology Artificial Intelligence},
  volume    = {3},
  number    = {},
  pages     = {100030},
  year      = {2025},
  doi       = {10.1016/j.ejrai.2025.100030}
}

@article{ref9,
  author    = {Chiranjib, C. and Manojit B. and Soumen P. and Sang-Soo L.},
  title     = {From machine learning to deep learning: Advances of the recent data-driven paradigm shift in medicine and healthcare},
  journal   = {Current Research in Biotechnology},
  volume    = {7},
  number    = {},
  pages     = {100164},
  year      = {2024},
  doi       = {10.1016/j.crbiot.2023.100164}
}

@article{ref10,
  author    = {Xu, Y. and Quan, R. and Xu, W. and Huang, Y. and Chen, X. and Liu, F.},
  title     = {Advances in Medical Image Segmentation: A Comprehensive Review of Traditional, Deep Learning and Hybrid Approaches},
  journal   = {Bioengineering},
  volume    = {11},
  number    = {10},
  pages     = {1034},
  year      = {2024},
  doi       = {10.3390/bioengineering11101034 }
}

@article{ref11,
  author    = {Pinto-Coelho L.},
  title     = {How Artificial Intelligence Is Shaping Medical Imaging Technology: A Survey of Innovations and Applications},
  journal   = {Bioengineering},
  volume    = {11},
  number    = {12},
  pages     = {1435},
  year      = {2023},
  doi       = {10.3390/bioengineering10121435 }
}

@online{Augmentation,
  author    = {},
  title     = {Data Augmentation using Ultralytics YOLO},
  url       = {https://docs.ultralytics.com/guides/yolo-data-augmentation/},
  note      = {Zugriff am 06.08.2025}
}

@online{digastricus_explain,
  author    = {},
  title     = {Musculus digastricus},
  url       = {https://flexikon.doccheck.com/de/Musculus_digastricus},
  note      = {Zugriff am 06.08.2025}
}

@online{geniohyoideus_explain,
  author    = {},
  title     = {Musculus geniohyoideus},
  url       = {https://flexikon.doccheck.com/de/Musculus_geniohyoideus},
  note      = {Zugriff am 06.08.2025}
}

@online{YOLO11,
  author    = {},
  title     = {Ultralytics YOLO11},
  url       = {https://docs.ultralytics.com/de/models/yolo11/},
  note      = {Zugriff am 07.08.2025}
}

@online{CVAT,
  author    = {},
  title     = {CVAT},
  url       = {https://www.cvat.ai/resources/blog/what-is-semantic-segmentation},
  note      = {Zugriff am 07.08.2025}
}

@online{medical_imaging,
  author    = {Sevda Imany},
  title     = {YOLOv8 Medical Imaging},
  url       = {https://github.com/sevdaimany/YOLOv8-Medical-Imaging},
  year      = {2023},
  note      = {Zugriff am 07.08.2025}
}

@article{dietterich1995overfitting,
  title={Overfitting and undercomputing in machine learning},
  author={Dietterich, Tom},
  journal={ACM computing surveys (CSUR)},
  volume={27},
  number={3},
  pages={326--327},
  year={1995},
  publisher={ACM New York, NY, USA}
}

@misc{Ultralytics2025Jul,
	author = {Ultralytics},
	title = {{Loss Function - Discover the role of loss functions in machine learning, their types, importance, and real-world AI applications like YOLO and object detection.}},
	year = {2025},
	month = jul,
	note = {[Online; accessed 7. Aug. 2025]},
	url = {https://www.ultralytics.com/de/glossary/loss-function}
}

@article{Rao2024Oct,
	author = {Rao, S. Nikhileswara},
	title = {{YOLOv11 Explained: Next-Level Object Detection with Enhanced Speed and Accuracy}},
	journal = {Medium},
	year = {2024},
	month = oct,
	url = {https://medium.com/@nikhil-rao-20/yolov11-explained-next-level-object-detection-with-enhanced-speed-and-accuracy-2dbe2d376f71}
}